<record><leader>00000cas a2200000 a 4500</leader><controlfield tag="001">57077315</controlfield><controlfield tag="008">041130c199u9999cauwr ne      0    0eng c</controlfield><datafield ind1=" " ind2=" " tag="010"><subfield code="a">sn2004061025</subfield></datafield><datafield ind1=" " ind2=" " tag="040"><subfield code="a">CNK</subfield><subfield code="b">eng</subfield><subfield code="c">CNK</subfield><subfield code="d">OCLCQ</subfield><subfield code="d">OCLCF</subfield><subfield code="d">OCLCO</subfield></datafield><datafield ind1="1" ind2=" " tag="029"><subfield code="a">AU@</subfield><subfield code="b">000026429960</subfield></datafield><datafield ind1=" " ind2=" " tag="042"><subfield code="a">pcc</subfield></datafield><datafield ind1=" " ind2=" " tag="043"><subfield code="a">n-us-ca</subfield></datafield><datafield ind1="0" ind2=" " tag="130"><subfield code="a">Arcadia weekly (Arcadia, Calif. : Monday evening ed.)</subfield></datafield><datafield ind1="1" ind2="4" tag="245"><subfield code="a">The Arcadia weekly.</subfield></datafield><datafield ind1=" " ind2=" " tag="250"><subfield code="a">Monday evening ed.</subfield></datafield><datafield ind1=" " ind2=" " tag="260"><subfield code="a">Arcadia, CA :</subfield><subfield code="b">Core Media Group</subfield></datafield><datafield ind1=" " ind2=" " tag="300"><subfield code="a">v.</subfield></datafield><datafield ind1=" " ind2=" " tag="310"><subfield code="a">Weekly</subfield></datafield><datafield ind1=" " ind2=" " tag="588"><subfield code="a">Description based on: Vol. 9, no. 67 (Nov. 1-7, 2004).</subfield></datafield><datafield ind1=" " ind2="0" tag="651"><subfield code="a">Arcadia (Calif.)</subfield><subfield code="v">Newspapers.</subfield></datafield><datafield ind1=" " ind2="7" tag="655"><subfield code="a">Newspapers.</subfield><subfield code="2">fast</subfield><subfield code="0">(OCoLC)fst01423814</subfield></datafield><datafield ind1=" " ind2="7" tag="651"><subfield code="a">California</subfield><subfield code="z">Arcadia.</subfield><subfield code="2">fast</subfield><subfield code="0">(OCoLC)fst01216237</subfield></datafield><datafield ind1=" " ind2=" " tag="752"><subfield code="a">United States</subfield><subfield code="b">California</subfield><subfield code="c">Los Angeles</subfield><subfield code="d">Arcadia.</subfield></datafield><datafield ind1="0" ind2=" " tag="775"><subfield code="t">Arcadia weekly (Arcadia, Calif. : Thursday ed.)</subfield><subfield code="w">(DLC)sn2004061024</subfield></datafield></record>